<?xml version="1.0" encoding="UTF-8"?><collection xmlns="http://www.loc.gov/MARC21/slim"><record><leader>00359nam--2200109-i-4500</leader><controlfield tag="001">000004355</controlfield><controlfield tag="002">20161230</controlfield><controlfield tag="005">20161230201025</controlfield><controlfield tag="008">060222s1000------------r-----000-0-eng-d</controlfield><datafield ind1=" " ind2=" " tag="100"><subfield code="a">Torre De Assuncao, C., Teixeira, C</subfield></datafield><datafield ind1=" " ind2=" " tag="245"><subfield code="a">Rochas basicas de facies gabroica e doleritica intrusivas nos granitos da beira</subfield></datafield><datafield ind1=" " ind2=" " tag="260"><subfield code="a">Lisboa, Centro De Mineralogia E Geologia, 1958</subfield></datafield></record></collection>